@misc{retrieval,
	title = "Introduction to Information Retrieval",
	author = "Christopher D. Manning and Prabhakar Raghavan and Hinrich Schutze",
	year = "2008",
	volume = "469"
}

@misc{cinema_score,
  Title = {CinemaScore},
  URL = {https://en.wikipedia.org/wiki/CinemaScore},
  Date-Added = {2016-03-12},
	Date-Modified = {2016-03-12},
	Lastchecked = {2016-03-12},
	Urldate = {2016-03-12},
  Note = {[Kreiptasi: 2016-03-12]},
  Howpublished = {[Tinkle] \url{https://en.wikipedia.org/wiki/CinemaScore}}
}

@misc{token_mill,
  Title = {LTStemmer},
	author = {Krilavičius, Petkevičius and Medelis},
  URL = {https://en.wikipedia.org/wiki/CinemaScore},
  Date-Added = {2016-04-25},
	Date-Modified = {2016-04-25},
	Lastchecked = {2016-04-25},
	Urldate = {2016-04-25},
  Note = {[Kreiptasi: 2016-03-12]},
  Howpublished = {[Tinkle] \url{https://github.com/pypt/ltstemmer}}
}

@misc{python-levenshtein,
  Title = {Python-Levenshtein},
	author = {Mikko Ohtamaa, David Necas},
  URL = {https://github.com/miohtama/python-Levenshtein},
  Date-Added = {2016-04-25},
	Date-Modified = {2016-04-25},
	Lastchecked = {2016-04-25},
	Urldate = {2016-04-25},
  Note = {[Kreiptasi: 2016-03-12]},
  Howpublished = {[Tinkle] \url{https://github.com/miohtama/python-Levenshtein}}
}

@book{AIMA,
	author = {Russel, S., P. Norvig},
	title = {Artificial Intelligence: A Modern Approach 2nd ed},
	publisher = {Prentice-Hall},
	year = {2003},
	volume = "946"
}

@book{ngram,
	author = {Andrei Z. Brodera and Steven C. Glassmana and Mark S. Manasseaand Geoffrey Zweig},
	title = {Syntactic clustering of the web, Computer Networks and ISDN Systems},
	year = {1997},
	volume = "9"
}

@BOOK{semi_learning,
	author = {Olivier Chapelle and Bernhard Schlkopf and Alexander Zien},
	title = {Semi-Supervised Learning},
	publisher = {MIT Press},
	year = {2010}
}

@book{nlp,
  Author = {Peter Jackson and Isabelle Moulinier},
  Title = {Natural Language Processing for Online Applications: Text retrieval, extraction and categorization - Second revised edition (Natural Language Processing)},
  Publisher = {John Benjamins Publishing Company},
  Year = {2007},
  ISBN = {902724992X},
  URL = {http://www.amazon.com/Natural-Language-Processing-Online-Applications/dp/902724992X%3FSubscriptionId%3D0JYN1NVW651KCA56C102%26tag%3Dtechkie-20%26linkCode%3Dxm2%26camp%3D2025%26creative%3D165953%26creativeASIN%3D902724992X}
}

@inproceedings{sentiments,
 author = {Pang and Bo and Lee and Lillian and Vaithyanathan and Shivakumar},
 title = {Thumbs Up?: Sentiment Classification Using Machine Learning Techniques},
 booktitle = {Proceedings of the ACL-02 Conference on Empirical Methods in Natural Language Processing - Volume 10},
 series = {EMNLP '02},
 year = {2002},
 pages = {79--86},
 numpages = {8},
 url = {http://dx.doi.org/10.3115/1118693.1118704},
 doi = {10.3115/1118693.1118704},
 acmid = {1118704},
 publisher = {Association for Computational Linguistics},
 address = {Stroudsburg, PA, USA},
}

@inproceedings{Turney:2002,
 author = {Turney and Peter D.},
 title = {Thumbs Up or Thumbs Down?: Semantic Orientation Applied to Unsupervised Classification of Reviews},
 booktitle = {Proceedings of the 40th Annual Meeting on Association for Computational Linguistics},
 series = {ACL '02},
 year = {2002},
 location = {Philadelphia, Pennsylvania},
 pages = {417--424},
 numpages = {8},
 url = {http://dx.doi.org/10.3115/1073083.1073153},
 doi = {10.3115/1073083.1073153},
 acmid = {1073153},
 publisher = {Association for Computational Linguistics},
 address = {Stroudsburg, PA, USA},
}

@article{levenshtein,
  added-at = {2008-03-15T10:37:17.000+0100},
  author = {Levenshtein, VI},
  biburl = {http://www.bibsonomy.org/bibtex/21a29b294552edb63828d57f3495e2eb2/brightbyte},
  interhash = {55f7ad93fcb9ae3ed999afaa6e24937d},
  intrahash = {1a29b294552edb63828d57f3495e2eb2},
  journal = {Soviet Physics Doklady},
  keywords = {lexicography similarity},
  pages = 707,
  timestamp = {2009-01-23T09:58:50.000+0100},
  title = {{Binary Codes Capable of Correcting Deletions, Insertions and Reversals}},
  volume = 10,
  year = 1966
}


@misc{lemo,
  Title = {Lemo},
	author = {Vytautas Zinkevičius},
  URL = {http://donelaitis.vdu.lt/~vytas/lemo/liet/lemo_pasiimt.htm},
  Date-Added = {2016-04-27},
	Date-Modified = {2016-04-27},
	Lastchecked = {2016-04-27},
	Urldate = {2016-04-27},
  Note = {[Kreiptasi: 2016-04-27]},
  Howpublished = {[Tinkle] \url{http://donelaitis.vdu.lt/~vytas/lemo/liet/lemo_pasiimt.htm}}
}

@misc{lemma,
  Title = {Lemma},
  URL = {http://www.thefreedictionary.com/lemma},
  Date-Added = {2016-04-27},
	Date-Modified = {2016-04-27},
	Lastchecked = {2016-04-27},
	Urldate = {2016-04-27},
  Note = {[Kreiptasi: 2016-04-27]},
  Howpublished = {[Tinkle] \url{http://www.thefreedictionary.com/lemma}}
}


@misc{unstructured_data,
  Title = {Unstructured Data and the 80 percent rule},
	author = {Seth Grimes},
  URL = {https://breakthroughanalysis.com/2008/08/01/unstructured-data-and-the-80-percent-rule/},
  Date-Added = {2016-04-27},
	Date-Modified = {2016-04-27},
	Lastchecked = {2016-04-27},
	Urldate = {2016-04-27},
  Note = {[Kreiptasi: 2016-04-27]},
  Howpublished = {[Tinkle] \url{https://breakthroughanalysis.com/2008/08/01/unstructured-data-and-the-80-percent-rule/}}

}

@misc{apache_spark_ml,
  Title = {Apache Spark ML},
  URL = {http://spark.apache.org/docs/latest/mllib-guide.html},
  Date-Added = {2016-05-05},
	Date-Modified = {2016-05-05},
	Lastchecked = {2016-05-05},
	Urldate = {2016-05-05},
  Note = {[Kreiptasi: 2016-05-05]},
  Howpublished = {[Tinkle] \url{http://spark.apache.org/docs/latest/mllib-guide.html}}
	}

@misc{vowpal_wabbit,
  Title = {Vowpal Wabbit},
  URL = {https://github.com/JohnLangford/vowpal_wabbit/wiki},
  Date-Added = {2016-05-05},
	Date-Modified = {2016-05-05},
	Lastchecked = {2016-05-05},
	Urldate = {2016-05-05},
  Note = {[Kreiptasi: 2016-05-05]},
  Howpublished = {[Tinkle] \url{https://github.com/JohnLangford/vowpal_wabbit/wiki}}
	}

	@Article{weka,
	  author = "Hall, Mark and Frank, Eibe and Holmes, Geoffrey and Pfahringer, Bernhard and Reutemann, Peter and Witten, Ian H.",
	  title =        "The {WEKA} Data Mining Software: An Update",
	  journal =      "{SIGKDD} Explorations",
	  year =         "2009",
	  volume =    "11",
	  number =    "1",
	  pages =     "10--18",
	  url = "http://www.sigkdd.org/explorations/issues/11-1-2009-07/p2V11n1.pdf",
	  bib2html_rescat = "Humanoids",
	}


@article{opinion_mining,
 author = {Pang, Bo and Lee, Lillian},
 title = {Opinion Mining and Sentiment Analysis},
 journal = {Found. Trends Inf. Retr.},
 issue_date = {January 2008},
 volume = {2},
 number = {1-2},
 month = jan,
 year = {2008},
 issn = {1554-0669},
 pages = {1--135},
 numpages = {135},
 url = {http://dx.doi.org/10.1561/1500000011},
 doi = {10.1561/1500000011},
 acmid = {1454712},
 publisher = {Now Publishers Inc.},
 address = {Hanover, MA, USA},
}

@book{web_scraping,
  Author = {Ryan Mitchell},
  Title = {Web Scraping with Python: Collecting Data from the Modern Web},
  Publisher = {O'Reilly Media},
  Year = {2015},
  ISBN = {1491910291},
  URL = {http://www.amazon.com/Web-Scraping-Python-Collecting-Modern/dp/1491910291%3FSubscriptionId%3D0JYN1NVW651KCA56C102%26tag%3Dtechkie-20%26linkCode%3Dxm2%26camp%3D2025%26creative%3D165953%26creativeASIN%3D1491910291}
}

@book{micro_services,
  Author = {Sam Newman},
  Title = {Building Microservices},
  Publisher = {O'Reilly Media},
  Year = {2015},
  ISBN = {1491950358},
  URL = {http://www.amazon.com/Building-Microservices-Sam-Newman/dp/1491950358%3FSubscriptionId%3D0JYN1NVW651KCA56C102%26tag%3Dtechkie-20%26linkCode%3Dxm2%26camp%3D2025%26creative%3D165953%26creativeASIN%3D1491950358}
}

@book{how_linux_works,
  Author = {Brian Ward},
  Title = {How Linux Works: What Every Superuser Should Know},
  Publisher = {No Starch Press},
  Year = {2014},
  ISBN = {1593275676},
  URL = {http://www.amazon.com/How-Linux-Works-Superuser-Should/dp/1593275676%3FSubscriptionId%3D0JYN1NVW651KCA56C102%26tag%3Dtechkie-20%26linkCode%3Dxm2%26camp%3D2025%26creative%3D165953%26creativeASIN%3D1593275676}
}

@book{information_retrieval,
  added-at = {2008-11-05T17:18:28.000+0100},
  author = {van Rijsbergen, C.J.},
  biburl = {http://www.bibsonomy.org/bibtex/22bceae8079a58b55af05b84be26b33a4/robo},
  editor = {Butterworth},
  interhash = {0edccdac9af024f458911b82f61686ab},
  intrahash = {2bceae8079a58b55af05b84be26b33a4},
  keywords = {information retrieval wismasys0809},
  timestamp = {2008-11-05T17:32:27.000+0100},
  title = {Information Retrieval},
  url = {http://books.google.de/books?id=MrzB9AAmcRoC&dq=C.J.+van+Rijsbergen:+Information+Retrieval&pg=PP1&ots=Eksrlfg72h&source=bn&sig=LJUUXH1lU1W1lav5OAKhMy6RAX4&hl=de&sa=X&oi=book_result&resnum=4&ct=result#PPR5,M1},
  year = 1979
}

@article{Stehman1997,
    author = {Stehman, S. V.},
    citeulike-article-id = {9974289},
    citeulike-linkout-0 = {http://www.ingentaconnect.com/content/els/00344257/1997/00000062/00000001/art00083},
    journal = {Remote Sensing of Environment},
    keywords = {accuracy, classification, remote, sensing, thematic},
    number = {1},
    pages = {77--89},
    posted-at = {2011-11-01 09:15:56},
    priority = {2},
    title = {{Selecting and Interpreting Measures of Thematic Classification Accuracy}},
    url = {http://www.ingentaconnect.com/content/els/00344257/1997/00000062/00000001/art00083},
    volume = {62},
    year = {1997}
}

@techreport{powers07evaluation,
  added-at = {2013-01-04T14:58:11.000+0100},
  address = {Adelaide, Australia},
  author = {Powers, David M. W.},
  biburl = {http://www.bibsonomy.org/bibtex/20f6067bb55320839c22e1eae98de4d49/scribbler},
  citeulike-article-id = {10061513},
  description = {CiteULike: Evaluation: From Precision, Recall and F-Factor to ROC, Informedness, Markedness & Correlation},
  institution = {School of Informatics and Engineering, Flinders University},
  interhash = {29eea1cdc606265320ce249eca36fd5a},
  intrahash = {0f6067bb55320839c22e1eae98de4d49},
  keywords = {fmeaure fn fp master precison recall roc thesis tp},
  number = {SIE-07-001},
  posted-at = {2011-11-23 14:21:35},
  priority = {2},
  timestamp = {2013-01-04T14:58:11.000+0100},
  title = {{Evaluation: From Precision, Recall and F-Factor to ROC, Informedness, Markedness \& Correlation}},
  year = 2007
}


@Book{zhu2007knowledge,
 author = {Zhu, Xingquan},
 title = {Knowledge discovery and data mining : challenges and realities},
 publisher = {Information Science Reference},
 year = {2007},
 address = {Hershey},
 isbn = {9781599042527}
 }

 @article{MATTHEWS1975442,
 title = "Comparison of the predicted and observed secondary structure of T4 phage lysozyme",
 journal = "Biochimica et Biophysica Acta (BBA) - Protein Structure",
 volume = "405",
 number = "2",
 pages = "442 - 451",
 year = "1975",
 issn = "0005-2795",
 doi = "http://dx.doi.org/10.1016/0005-2795(75)90109-9",
 url = "http://www.sciencedirect.com/science/article/pii/0005279575901099",
 author = "B.W. Matthews"

 }

 @book{ramalho2015fluent,
  title={Fluent Python},
  author={Ramalho, L.},
  isbn={9781491946008},
  url={https://books.google.lt/books?id=kgrXoAEACAAJ},
  year={2015},
  publisher={O'Reilly Media, Incorporated}
}

@misc{todo_mvc,
  Title = {TodoMVC},
  URL = {http://todomvc.com},
  Date-Added = {2016-05-08},
	Date-Modified = {2016-05-08},
	Lastchecked = {2016-05-08},
	Urldate = {2016-05-08},
  Note = {[Kreiptasi: 2016-05-08]},
  Howpublished = {[Tinkle] \url{http://todomvc.com}}
	}

	@misc{beautiful_soup,
	  Title = {Beautiful Soup 4},
	  URL = {https://www.crummy.com/software/BeautifulSoup/},
	  Date-Added = {2016-05-08},
		Date-Modified = {2016-05-08},
		Lastchecked = {2016-05-08},
		Urldate = {2016-05-08},
	  Note = {[Kreiptasi: 2016-05-08]},
	  Howpublished = {[Tinkle] \url{https://www.crummy.com/software/BeautifulSoup/}}
		}

		@misc{phantom_js,
		  Title = {PhantomJS},
		  URL = {http://phantomjs.org},
		  Date-Added = {2016-05-08},
			Date-Modified = {2016-05-08},
			Lastchecked = {2016-05-08},
			Urldate = {2016-05-08},
		  Note = {[Kreiptasi: 2016-05-08]},
		  Howpublished = {[Tinkle] \url{http://phantomjs.org}}
			}

@misc{bayes_theorem,
  Title = {Bayes Theorem},
  URL = {http://www.trinity.edu/cbrown/bayesweb/},
  Date-Added = {2016-05-15},
	Date-Modified = {2016-05-15},
	Lastchecked = {2016-05-15},
	Urldate = {2016-05-15},
  Note = {[Kreiptasi: 2016-05-16]},
  Howpublished = {[Tinkle] \url{http://www.trinity.edu/cbrown/bayesweb/}}
	}


@Article{Cortes1995,
author="Cortes, Corinna
and Vapnik, Vladimir",
title="Support-vector networks",
journal="Machine Learning",
year="1995",
volume="20",
number="3",
pages="273--297",
abstract="Thesupport-vector network is a new learning machine for two-group classification problems. The machine conceptually implements the following idea: input vectors are non-linearly mapped to a very high-dimension feature space. In this feature space a linear decision surface is constructed. Special properties of the decision surface ensures high generalization ability of the learning machine. The idea behind the support-vector network was previously implemented for the restricted case where the training data can be separated without errors. We here extend this result to non-separable training data.",
issn="1573-0565",
doi="10.1007/BF00994018",
url="http://dx.doi.org/10.1007/BF00994018"
}

@misc{ml_repos,
  Title = {Awesome Machine Learning},
  URL = {https://github.com/josephmisiti/awesome-machine-learning},
  Date-Added = {2016-05-16},
	Date-Modified = {2016-05-16},
	Lastchecked = {2016-05-16},
	Urldate = {2016-05-16},
  Note = {[Kreiptasi: 2016-05-16]},
  Howpublished = {[Tinkle] \url{https://github.com/josephmisiti/awesome-machine-learning}}
	}


@misc{ml_ratio,
  Title = {Awesome Machine Learning},
  URL = {http://information-gain.blogspot.com/2012/07/why-split-data-in-ratio-7030.html},
  Date-Added = {2016-05-16},
	Date-Modified = {2016-05-16},
	Lastchecked = {2016-05-16},
	Urldate = {2016-05-16},
  Note = {[Kreiptasi: 2016-05-16]},
  Howpublished = {[Tinkle] \url{http://information-gain.blogspot.com/2012/07/why-split-data-in-ratio-7030.html}
	
		  
}


@book{Guyon97ascaling,
    author = {Isabelle Guyon},
    title = {A Scaling Law for the Validation-Set Training-Set Size Ratio},
    booktitle = {AT & T Bell Laboratories},
    year = {1997}
}
